<record xmlns="http://www.loc.gov/MARC21/slim" xmlns:xsi="http://www.w3.org/2001/XMLSchema-instance" xsi:schemaLocation="http://www.loc.gov/MARC21/slim http://www.loc.gov/standards/marcxml/schema/MARC21slim.xsd">

  <leader>01004nam a2200229Ia 4500</leader>
  <datafield ind2=" " ind1=" " tag="999">
    <subfield code="c">576</subfield>
    <subfield code="d">576</subfield>
  </datafield>
  <controlfield tag="008">170206b2013    cr ||||| |||| 00| | spa d</controlfield>
  <datafield tag="020" ind1=" " ind2=" ">
    <subfield code="a">9789968412360</subfield>
  </datafield>
  <datafield ind2=" " ind1=" " tag="090">
    <subfield code="a">05.05.03 </subfield>
    <subfield code="b">1595</subfield>
  </datafield>
  <datafield ind1="1" tag="100" ind2=" ">
    <subfield code="9">781</subfield>
    <subfield code="a">Ospina Garcés, Helena</subfield>
    <subfield code="e">Editor/a</subfield>
  </datafield>
  <datafield ind2="0" tag="245" ind1="1">
    <subfield code="a">Pensamiento. Literatura. Independencia. Actas del VII Encuentro Mesoamericano Escritura- Cultura y del V Coloquio Escritoras y Escritores Lationamericanos / </subfield>
    <subfield code="c"> editores Helena Ospina, Erika Chinchilla Ramírez, Gabriel Quesada Mora, Adriana de la Paz Araya </subfield>
  </datafield>
  <datafield ind1=" " tag="260" ind2=" ">
    <subfield code="a">San José, Costa Rica :</subfield>
    <subfield code="b">Promesa,</subfield>
    <subfield code="c">Impresión 2013</subfield>
  </datafield>
  <datafield ind2=" " tag="300" ind1=" ">
    <subfield code="a">721 páginas</subfield>
  </datafield>
  <datafield ind2=" " ind1=" " tag="490">
    <subfield code="a">Encuentros Mesoamericanos, </subfield>
    <subfield code="v">6</subfield>
  </datafield>
  <datafield tag="650" ind1="1" ind2="4">
    <subfield code="a">LITERATURA </subfield>
    <subfield code="9">655</subfield>
  </datafield>
  <datafield ind2="4" tag="650" ind1="1">
    <subfield code="a">CONFERENCIA</subfield>
    <subfield code="9">506</subfield>
  </datafield>
  <datafield ind1=" " tag="651" ind2="4">
    <subfield code="a">AMÉRICA LATINA</subfield>
    <subfield code="9">273</subfield>
  </datafield>
  <datafield ind2=" " ind1="1" tag="700">
    <subfield code="9">1223</subfield>
    <subfield code="a">Chinchilla Ramírez, Erika</subfield>
  </datafield>
  <datafield ind1="1" tag="700" ind2=" ">
    <subfield code="9">1458</subfield>
    <subfield code="a">Quesada Mora, Gabriel</subfield>
  </datafield>
  <datafield tag="700" ind1="1" ind2=" ">
    <subfield code="9">1456</subfield>
    <subfield code="a">Paz Araya, Adriana de la </subfield>
  </datafield>
  <datafield ind2=" " ind1=" " tag="711">
    <subfield code="9">2394</subfield>
    <subfield code="a">Encuentro Mesoamericano Escritura-Cultura </subfield>
    <subfield code="d">(7 : 2013:</subfield>
    <subfield code="c">San José, Costa Rica)</subfield>
  </datafield>
  <datafield tag="942" ind1=" " ind2=" ">
    <subfield code="2">z</subfield>
    <subfield code="c">01</subfield>
  </datafield>
</record>